<?xml version="1.0" encoding="UTF-8"?><collection xmlns="http://www.loc.gov/MARC21/slim"><record><leader>00436nam--2200133-i-4500</leader><controlfield tag="001">000042783</controlfield><controlfield tag="002">20161230</controlfield><controlfield tag="005">20161230201043</controlfield><controlfield tag="008">060222s1000------------r-----000-0-eng-d</controlfield><datafield ind1=" " ind2=" " tag="080"><subfield code="a">015:541.182.4/6</subfield></datafield><datafield ind1=" " ind2=" " tag="100"><subfield code="a">Stefanescu,Dan D</subfield></datafield><datafield ind1=" " ind2=" " tag="245"><subfield code="a">Dispersii eterogene si alte sisteme coloidale noi cu aplicabilitate in procesele de sapare a sondelor. rezumatul tezei de doctorat</subfield></datafield><datafield ind1=" " ind2=" " tag="260"><subfield code="a">Bucuresti, Fac.De Chimie, 1970. 39 P</subfield></datafield><datafield ind1=" " ind2=" " tag="852"><subfield code="a">37620</subfield></datafield></record></collection>